<?xml version="1.0" encoding="UTF-8"?><collection xmlns="http://www.loc.gov/MARC21/slim"><record><leader>00352nam--2200133-i-4500</leader><controlfield tag="001">000026281</controlfield><controlfield tag="002">20161230</controlfield><controlfield tag="005">20161230201036</controlfield><controlfield tag="008">060222s1000------------r-----000-0-eng-d</controlfield><datafield ind1=" " ind2=" " tag="080"><subfield code="a">548.5</subfield></datafield><datafield ind1=" " ind2=" " tag="245"><subfield code="a">International series of monographs in the science of the solid state</subfield></datafield><datafield ind1=" " ind2=" " tag="260"><subfield code="a">Oxford, Pergamon Press, 1973</subfield></datafield><datafield ind1=" " ind2=" " tag="700"><subfield code="a">B.R. Pamplin</subfield></datafield><datafield ind1=" " ind2=" " tag="852"><subfield code="a">30272</subfield></datafield></record></collection>